%
% book.bib
%
% book - A published book
%   Required: author/editor, title, publisher, year.
%   Optional: volume/number, series, edition.

% Reference
% http://en.wikibooks.org/wiki/LaTeX/Bibliography_Management

% -----------------------------------------------------------------------------
@book{book:preece2000online,
  title={Online communities: Designing usability and supporting socialbilty},
  author={Preece, Jenny},
  year={2000},
  publisher={John Wiley \& Sons, Inc.}
}
% -----------------------------------------------------------------------------
@book{book:rheingold1993virtual,
  title={The virtual community: Homesteading on the electronic frontier},
  author={Rheingold, Howard},
  year={1993},
  publisher={MIT press}
}
% -----------------------------------------------------------------------------

% -----------------------------------------------------------------------------

% -----------------------------------------------------------------------------

% -----------------------------------------------------------------------------

% -----------------------------------------------------------------------------

% -----------------------------------------------------------------------------

% -----------------------------------------------------------------------------

