%
% msic.bib
% (miscellaneous, everything)
%
% misc - Template useful for other kinds of publication
%   Required fields: none
%   Optional fields: author, title, howpublished, month, year, note.
%
% Reference
% http://en.wikibooks.org/wiki/LaTeX/Bibliography_Management

% -----------------------------------------------------------------------------

% -----------------------------------------------------------------------------
%  E.g (Website)
@misc{website:newnews,
  author = {張家豪},
  title = {{三二四占領政院要角真的進駐行政院}},
  howpublished = "http://www.new7.com.tw/NewsView.aspx?t=TOP\&i=TXT20150513161905KLL",
  year = {2015},
  month = {5},
  note = "Hackpad上有採訪共筆"
}
% -----------------------------------------------------------------------------
@misc{website:watchmag,
  author = {Lydia Lai},
  title = {{看雜誌採訪}},
  howpublished = "https://g0v.hackpad.com/UR6W1ozea7D",
  year = {2013},
  note = ""
}

% -----------------------------------------------------------------------------
@misc{website:thirtymag,
  author = {greg hsu},
  title = {30雜誌採訪},
  howpublished = "https://g0v.hackpad.com/30-jrF4mRm4FNq",
  year = {2013},
  note = ""
}

% -----------------------------------------------------------------------------
@misc{website:ntusense,
  author = {Tung Chan Yu},
  title = {{台大意識報採訪}},
  howpublished = "https://g0v.hackpad.com/OvYp3EbwJG6",
  year = {2013},
  note = ""
}

% -----------------------------------------------------------------------------
@misc{website:nowmag,
  author = {蔡曜蓮},
  title = {{零時政府用鍵盤革命改造社會}},
  howpublished = "http://event.businesstoday.com.tw/pr/900\-ebook\-140.pdf",
  year = {2014},
  month = {3},
  note = "青年夢想行動家在地扎根跟我這樣愛台灣"
}

% -----------------------------------------------------------------------------
@misc{website:g0vOfficial,
  author = {g0vers},
  title = {{g0v官網收集媒體報導清單}},
  howpublished = "http://g0v.tw/zh-TW/media.html",
  year = {2015},
  month = {6},
  note = ""
}

% -----------------------------------------------------------------------------
@misc{website:manifesto,
  author = {g0vers},
  title = {{g0v零時政府宣言}},
  howpublished = "http://g0v.tw/zh-TW/manifesto.html",
  year = {2013},
  month = {6},
  note = ""
}


