%
% paper.bib
%
% inproceedings - An article in a conference proceedings.
%   Required: author, title, booktitle, year.
%   Optional fields: editor, volume/number, series, pages, address, month, organization, publisher, note.

% Reference
% http://en.wikibooks.org/wiki/LaTeX/Bibliography_Management

% -----------------------------------------------------------------------------
@article{paper:wang2002defining,
  title={Defining the virtual tourist community: implications for tourism marketing},
  author={Wang, Youcheng and Yu, Quaehee and Fesenmaier, Daniel R},
  journal={Tourism management},
  volume={23},
  number={4},
  pages={407--417},
  year={2002},
  publisher={Elsevier}
}

% -----------------------------------------------------------------------------
@article{paper:chiu2006understanding,
  title={Understanding knowledge sharing in virtual communities: An integration of social capital and social cognitive theories},
  author={Chiu, Chao-Min and Hsu, Meng-Hsiang and Wang, Eric TG},
  journal={Decision support systems},
  volume={42},
  number={3},
  pages={1872--1888},
  year={2006},
  publisher={Elsevier}
}
% -----------------------------------------------------------------------------
@article{paper:gupta2000knowledge,
  title={Knowledge flows within multinational corporations},
  author={Gupta, Anil K and Govindarajan, Vijay},
  journal={Strategic management journal},
  volume={21},
  number={4},
  pages={473--496},
  year={2000},
  publisher={Wiley Online Library}
}
% -----------------------------------------------------------------------------
@article{paper:preece2003history,
  title={History of online communities},
  author={Preece, Jenny and Maloney-Krichmar, Diane and Abras, Chadia},
  journal={Encyclopedia of community},
  volume={3},
  pages={1023--1027},
  year={2003}
}
% -----------------------------------------------------------------------------
@article{paper:wasko2009provision,
  title={The provision of online public goods: Examining social structure in an electronic network of practice},
  author={Wasko, Molly McLure and Teigland, Robin and Faraj, Samer},
  journal={Decision Support Systems},
  volume={47},
  number={3},
  pages={254--265},
  year={2009},
  publisher={Elsevier}
}
% -----------------------------------------------------------------------------
@article{paper:dholakia2004social,
  title={A social influence model of consumer participation in network-and small-group-based virtual communities},
  author={Dholakia, Utpal M and Bagozzi, Richard P and Pearo, Lisa Klein},
  journal={International journal of research in marketing},
  volume={21},
  number={3},
  pages={241--263},
  year={2004},
  publisher={Elsevier}
}
% -----------------------------------------------------------------------------
@article{paper:koh2004knowledge,
  title={Knowledge sharing in virtual communities: an e-business perspective},
  author={Koh, Joon and Kim, Y-G},
  journal={Expert systems with applications},
  volume={26},
  number={2},
  pages={155--166},
  year={2004},
  publisher={Elsevier}
}
% -----------------------------------------------------------------------------

% -----------------------------------------------------------------------------
@article{paper:葉建亨2011,
  title={整合社會資本與社會交換理論探討虛擬社群知識分享意願},
  author={葉建亨 and 黃文楨 and others},
  journal={資訊管理學報},
  volume={18},
  number={第 3},
  pages={75--99},
  year={2011},
  publisher={中華民國資訊管理學會}
}
@article{paper:高淑珍2012,
  title={以社會交換理論修正模式探討知識社群之持續使用意願},
  author={高淑珍 and 王麒富},
  journal={資訊與管理科學},
  volume={5},
  number={2},
  pages={32--48},
  year={2012},
  publisher={資訊與管理科學期刊編輯委員會}
}
@article{paper:蔡明達2013,
  title={網路品牌社群認同與投入對消費者行為之影響},
  author={蔡明達 and 劉宇傑},
  journal={電子商務學報 Journal of e-Business. 第十五卷第二期},
  pages={295--318},
  year={2013}
}